<?xml version="1.0" encoding="UTF-8"?><collection xmlns="http://www.loc.gov/MARC21/slim"><record><leader>00632nam--2200205-i-4500</leader><controlfield tag="001">000029054</controlfield><controlfield tag="002">20161230</controlfield><controlfield tag="005">20161230201037</controlfield><controlfield tag="008">060222s1000------------r-----000-0-ita-d</controlfield><datafield ind1=" " ind2=" " tag="040"><subfield code="a">IFIN-HH</subfield></datafield><datafield ind1=" " ind2=" " tag="041"><subfield code="a">ita</subfield></datafield><datafield ind1=" " ind2=" " tag="080"><subfield code="a">531.3</subfield></datafield><datafield ind1="1" ind2=" " tag="100"><subfield code="a">Levi-civita, Tullio</subfield></datafield><datafield ind1="1" ind2="0" tag="245"><subfield code="a">Lezioni di meccanica razionale</subfield><subfield code="b">VOL.II: DINAMICA DEI SISTEMI CON UN NUMERO FINITO DI GRADI DI LIBERTA. Parte prima</subfield><subfield code="c">Tullio Levi-Civita, Ugo Amaldi</subfield></datafield><datafield ind1=" " ind2=" " tag="250"><subfield code="a">Nuova edizione reveduta e corretta</subfield></datafield><datafield ind1=" " ind2=" " tag="260"><subfield code="a">Bologna, Zanichelli, 1950-1952</subfield></datafield><datafield ind1=" " ind2=" " tag="300"><subfield code="a">XII + 510P</subfield></datafield><datafield ind1=" " ind2=" " tag="700"><subfield code="a">Amaldi, Ugo</subfield></datafield><datafield ind1=" " ind2=" " tag="852"><subfield code="a">11782</subfield><subfield code="c">531</subfield></datafield><datafield ind1=" " ind2=" " tag="CAT"><subfield code="a">Sys</subfield><subfield code="c">20100622</subfield><subfield code="h">113849</subfield></datafield></record></collection>